
    <marc:record>
        <marc:leader>11111nam a2200553ui 4500</marc:leader>
        <marc:controlfield tag="001">relator-test7</marc:controlfield>
        <marc:datafield tag="100" ind1="1" ind2=" ">
            <marc:subfield code="a">Smith, John</marc:subfield>
            <marc:subfield code="d">1882 Aug. 5-</marc:subfield>
        </marc:datafield>
    </marc:record>