
    <marc:record>
        <marc:leader>11111nam a2200553ui 4500</marc:leader>
        <marc:controlfield tag="001">relator-test8</marc:controlfield>
        <marc:datafield tag="111" ind1="2" ind2=" ">
            <marc:subfield code="a">International Conference on Pipelines and Trenchless Technology</marc:subfield>
            <marc:subfield code="d">(2014 :</marc:subfield>
            <marc:subfield code="c">Xiamen, Xiamen Shi, China)</marc:subfield>
        </marc:datafield>
        <marc:datafield tag="711" ind1="2" ind2=" ">
            <marc:subfield code="a">Israel Seminar on Geometrical Aspects of Functional Analysis</marc:subfield>
            <marc:subfield code="d">(2011-2013)</marc:subfield>
        </marc:datafield>
    </marc:record>