
    
    <!-- Use Case: 110 $a (no $b) -->
    <marc:record>
        <marc:leader>11111nam a2200553ui 4500</marc:leader>
        <marc:controlfield tag="001">relator-uc1</marc:controlfield>
        <marc:datafield tag="110" ind1="2" ind2=" ">
            <marc:subfield code="a">Open Knowledge Foundation.</marc:subfield>
        </marc:datafield>
    </marc:record>