
    
    <!-- Use Case: 110 $a and repeated $b -->
    <marc:record>
        <marc:leader>11111nam a2200553ui 4500</marc:leader>
        <marc:controlfield tag="001">relator-uc2a</marc:controlfield>
        <marc:datafield tag="110" ind1="2" ind2=" ">
            <marc:subfield code="a">United Nations.</marc:subfield>
            <marc:subfield code="b">Department of Economic and Social Affairs.</marc:subfield>
            <marc:subfield code="b">Division Alpha.</marc:subfield>
        </marc:datafield>
    </marc:record>