
    
    <!-- Use Case: 111 $a (no $e) -->
    <marc:record>
        <marc:leader>11111nam a2200553ui 4500</marc:leader>
        <marc:controlfield tag="001">relator-uc3</marc:controlfield>
        <marc:datafield tag="111" ind1="2" ind2=" ">
            <marc:subfield code="a">International Congress on Medieval Studies.</marc:subfield>
        </marc:datafield>
    </marc:record>