
    
    <!-- Use Case: 111 $a and $e -->
    <marc:record>
        <marc:leader>11111nam a2200553ui 4500</marc:leader>
        <marc:controlfield tag="001">relator-uc4</marc:controlfield>
        <marc:datafield tag="111" ind1="2" ind2=" ">
            <marc:subfield code="a">IEEE Symposium on Security and Privacy.</marc:subfield>
            <marc:subfield code="e">Technical Committee on Security and Privacy.</marc:subfield>
        </marc:datafield>
    </marc:record>