
    
    <!-- Use Case: 111 $a and repeated $e -->
    <marc:record>
        <marc:leader>11111nam a2200553ui 4500</marc:leader>
        <marc:controlfield tag="001">relator-uc4</marc:controlfield>
        <marc:datafield tag="111" ind1="2" ind2=" ">
            <marc:subfield code="a">IEEE Symposium on Security and Privacy.</marc:subfield>
            <marc:subfield code="e">Technical Committee on Security and Privacy.</marc:subfield>
            <marc:subfield code="e">Sub-Committee A.</marc:subfield>
        </marc:datafield>
    </marc:record>
    
    <!-- Use Case: 610 $a (no $b) -->
    <marc:record>
        <marc:leader>11111nam a2200553ui 4500</marc:leader>
        <marc:controlfield tag="001">relator-uc5</marc:controlfield>
        <marc:datafield tag="610" ind1="2" ind2=" ">
            <marc:subfield code="a">American Psychological Association.</marc:subfield>
        </marc:datafield>
    </marc:record>
    
    <!-- Use Case: 610 $a and $b -->
    <marc:record>
        <marc:leader>11111nam a2200553ui 4500</marc:leader>
        <marc:controlfield tag="001">relator-uc6</marc:controlfield>
        <marc:datafield tag="610" ind1="2" ind2=" ">
            <marc:subfield code="a">Smithsonian Institution.</marc:subfield>
            <marc:subfield code="b">National Museum of Natural History.</marc:subfield>
        </marc:datafield>
    </marc:record>
    
    <!-- Use Case: 611 $a (no $e) -->
    <marc:record>
        <marc:leader>11111nam a2200553ui 4500</marc:leader>
        <marc:controlfield tag="001">relator-uc7</marc:controlfield>
        <marc:datafield tag="611" ind1="2" ind2=" ">
            <marc:subfield code="a">International Conference on Climate Change.</marc:subfield>
        </marc:datafield>
    </marc:record>
    
    <!-- Use Case: 611 $a and $e -->
    <marc:record>
        <marc:leader>11111nam a2200553ui 4500</marc:leader>
        <marc:controlfield tag="001">relator-uc8</marc:controlfield>
        <marc:datafield tag="611" ind1="2" ind2=" ">
            <marc:subfield code="a">United Nations Conference on Trade and Development.</marc:subfield>
            <marc:subfield code="e">Secretariat.</marc:subfield>
        </marc:datafield>
    </marc:record>
    
    <!-- Use Case: 710 $a (no $b) -->
    <marc:record>
        <marc:leader>11111nam a2200553ui 4500</marc:leader>
        <marc:controlfield tag="001">relator-uc9</marc:controlfield>
        <marc:datafield tag="710" ind1="2" ind2=" ">
            <marc:subfield code="a">Library of Congress.</marc:subfield>
        </marc:datafield>
    </marc:record>
    
    <!-- Use Case: 710 $a and $b -->
    <marc:record>
        <marc:leader>11111nam a2200553ui 4500</marc:leader>
        <marc:controlfield tag="001">relator-uc10</marc:controlfield>
        <marc:datafield tag="710" ind1="2" ind2=" ">
            <marc:subfield code="a">Harvard University.</marc:subfield>
            <marc:subfield code="b">School of Engineering and Applied Sciences.</marc:subfield>
        </marc:datafield>
    </marc:record>
    
    <!-- Use Case: 711 $a (no $e) -->
    <marc:record>
        <marc:leader>11111nam a2200553ui 4500</marc:leader>
        <marc:controlfield tag="001">relator-uc11</marc:controlfield>
        <marc:datafield tag="711" ind1="2" ind2=" ">
            <marc:subfield code="a">Annual Meeting of the Ecological Society of America.</marc:subfield>
        </marc:datafield>
    </marc:record>
    
    <!-- Use Case: 711 $a and $e -->
    <marc:record>
        <marc:leader>11111nam a2200553ui 4500</marc:leader>
        <marc:controlfield tag="001">relator-uc12</marc:controlfield>
        <marc:datafield tag="711" ind1="2" ind2=" ">
            <marc:subfield code="a">World Urban Forum.</marc:subfield>
            <marc:subfield code="e">United Nations Human Settlements Programme.</marc:subfield>
        </marc:datafield>
    </marc:record>
    
    <!-- Use Case: 810 $a (no $b) -->
    <marc:record>
        <marc:leader>11111nam a2200553ui 4500</marc:leader>
        <marc:controlfield tag="001">relator-uc13</marc:controlfield>
        <marc:datafield tag="810" ind1="2" ind2=" ">
            <marc:subfield code="a">Canadian Broadcasting Corporation.</marc:subfield>
            <marc:subfield code="n">(11th :</marc:subfield>
            <marc:subfield code="d">1978 :</marc:subfield>
            <marc:subfield code="c">Rio de Janeiro, Brazil).</marc:subfield>
            <marc:subfield code="t">Nutrition and food science ;</marc:subfield>
            <marc:subfield code="v">v. 1.</marc:subfield>
        </marc:datafield>
    </marc:record>
    
    <!-- Use Case: 810 $a and $b -->
    <marc:record>
        <marc:leader>11111nam a2200553ui 4500</marc:leader>
        <marc:controlfield tag="001">relator-uc14</marc:controlfield>
        <marc:datafield tag="810" ind1="2" ind2=" ">
            <marc:subfield code="a">U.S. Department of Agriculture.</marc:subfield>
            <marc:subfield code="b">Forest Service.</marc:subfield>
            <marc:subfield code="n">(11th :</marc:subfield>
            <marc:subfield code="d">1978 :</marc:subfield>
            <marc:subfield code="c">Rio de Janeiro, Brazil).</marc:subfield>
            <marc:subfield code="t">Nutrition and food science ;</marc:subfield>
            <marc:subfield code="v">v. 1.</marc:subfield>
        </marc:datafield>
    </marc:record>
    
    <!-- Use Case: 811 $a (no $e) -->
    <marc:record>
        <marc:leader>11111nam a2200553ui 4500</marc:leader>
        <marc:controlfield tag="001">relator-uc15</marc:controlfield>
        <marc:datafield tag="811" ind1="2" ind2=" ">
            <marc:subfield code="a">Symposium on Artificial Intelligence in Education.</marc:subfield>
            <marc:subfield code="n">(11th :</marc:subfield>
            <marc:subfield code="d">1978 :</marc:subfield>
            <marc:subfield code="c">Rio de Janeiro, Brazil).</marc:subfield>
            <marc:subfield code="t">Nutrition and food science ;</marc:subfield>
            <marc:subfield code="v">v. 1.</marc:subfield>
        </marc:datafield>
    </marc:record>
    
    <!-- Use Case: 811 $a and $e -->
    <marc:record>
        <marc:leader>11111nam a2200553ui 4500</marc:leader>
        <marc:controlfield tag="001">relator-uc16</marc:controlfield>
        <marc:datafield tag="811" ind1="2" ind2=" ">
            <marc:subfield code="a">UNESCO International Literacy Meeting.</marc:subfield>
            <marc:subfield code="e">Education Sector.</marc:subfield>
            <marc:subfield code="n">(11th :</marc:subfield>
            <marc:subfield code="d">1978 :</marc:subfield>
            <marc:subfield code="c">Rio de Janeiro, Brazil).</marc:subfield>
            <marc:subfield code="t">Nutrition and food science ;</marc:subfield>
            <marc:subfield code="v">v. 1.</marc:subfield>
        </marc:datafield>
    </marc:record>
    
</marc:collection>